<record><leader>01641cam a2200421 i 4500</leader><controlfield tag="001">6786680</controlfield><controlfield tag="003">OCoLC</controlfield><controlfield tag="005">20150109114232.0</controlfield><controlfield tag="008">140620s2015    nyu      b    000 0 eng  </controlfield><datafield ind1=" " ind2=" " tag="010"><subfield code="a">  2014023972</subfield></datafield><datafield ind1=" " ind2=" " tag="020"><subfield code="a">9781628921083 (pbk. : alk. paper)</subfield></datafield><datafield ind1=" " ind2=" " tag="020"><subfield code="a">1628921080 (pbk. : alk. paper)</subfield></datafield><datafield ind1=" " ind2=" " tag="020"><subfield code="z">9781628921090 (ePDF)</subfield></datafield><datafield ind1=" " ind2=" " tag="020"><subfield code="z">9781628921106 (ePub)</subfield></datafield><datafield ind1=" " ind2=" " tag="035"><subfield code="a">ocn883207162</subfield></datafield><datafield ind1=" " ind2=" " tag="040"><subfield code="a">DLC</subfield><subfield code="b">eng</subfield><subfield code="e">rda</subfield><subfield code="c">DLC</subfield><subfield code="d">OCLCO</subfield><subfield code="d">YDXCP</subfield><subfield code="d">NDD</subfield><subfield code="d">UAB</subfield></datafield><datafield ind1=" " ind2=" " tag="042"><subfield code="a">pcc</subfield></datafield><datafield ind1="0" ind2="0" tag="050"><subfield code="a">ML421.C26</subfield><subfield code="b">W37 2015</subfield></datafield><datafield ind1="0" ind2="0" tag="082"><subfield code="a">781.66092/2</subfield><subfield code="2">23</subfield></datafield><datafield ind1=" " ind2=" " tag="090"><subfield code="a">ML 421 C26 W37 2015</subfield><subfield code="b">AEU</subfield></datafield><datafield ind1="1" ind2=" " tag="100"><subfield code="a">Warner, Alan,</subfield><subfield code="e">author.</subfield></datafield><datafield ind1="1" ind2="0" tag="245"><subfield code="a">Tago Mago :</subfield><subfield code="b">Permission to Dream /</subfield><subfield code="c">Alan Warner.</subfield></datafield><datafield ind1=" " ind2=" " tag="250"><subfield code="a">1st edition.</subfield></datafield><datafield ind1=" " ind2="1" tag="264"><subfield code="a">New York :</subfield><subfield code="b">Bloomsbury Academic,</subfield><subfield code="c">2015.</subfield></datafield><datafield ind1=" " ind2=" " tag="300"><subfield code="a">viii, 142 pages ;</subfield><subfield code="c">17 cm</subfield></datafield><datafield ind1=" " ind2=" " tag="336"><subfield code="a">text</subfield><subfield code="2">rdacontent</subfield></datafield><datafield ind1=" " ind2=" " tag="337"><subfield code="a">unmediated</subfield><subfield code="2">rdamedia</subfield></datafield><datafield ind1=" " ind2=" " tag="338"><subfield code="a">volume</subfield><subfield code="2">rdacarrier</subfield></datafield><datafield ind1="1" ind2=" " tag="490"><subfield code="a">33 1/3</subfield></datafield><datafield ind1=" " ind2=" " tag="504"><subfield code="a">Includes bibliographical references.</subfield></datafield><datafield ind1=" " ind2=" " tag="520"><subfield code="a">"'An officially approved account of one of the most influential and powerful albums of the 1970s, this brilliant addition to the 33 1/3 series by Scottish novelist Alan Warner will explore in detail the conception, recording and release of the album Tago Mago by Can"--Provided by publisher.</subfield></datafield><datafield ind1=" " ind2=" " tag="596"><subfield code="a">16</subfield></datafield><datafield ind1="2" ind2="0" tag="610"><subfield code="a">Can (Musical group)</subfield></datafield><datafield ind1="2" ind2="0" tag="610"><subfield code="a">Can (Musical group).</subfield><subfield code="t">Tago mago.</subfield></datafield><datafield ind1=" " ind2="0" tag="650"><subfield code="a">Rock music</subfield><subfield code="y">1971-1980</subfield><subfield code="x">History and criticism.</subfield></datafield><datafield ind1=" " ind2="0" tag="830"><subfield code="a">33 1/3.</subfield></datafield><datafield ind1=" " ind2=" " tag="949"><subfield code="a">ML 421 C26 W37 2015</subfield><subfield code="c">1</subfield><subfield code="h">UAAU-B</subfield><subfield code="i">0162035221942</subfield></datafield><datafield ind1=" " ind2=" " tag="926"><subfield code="a">ML 421 C26 W37 2015</subfield><subfield code="w">LC</subfield><subfield code="c">1</subfield><subfield code="i">0162035221942</subfield><subfield code="l">ON_SHELF</subfield><subfield code="m">UAAUG</subfield><subfield code="p">$150.00</subfield><subfield code="r">Y</subfield><subfield code="s">Y</subfield><subfield code="t">BOOK</subfield><subfield code="u">1/21/2015</subfield></datafield></record>